<record><leader>00000cas a22000007a 4500</leader><controlfield tag="001">19046438</controlfield><controlfield tag="008">890120d18961984aruwr ne      0    0eng d</controlfield><datafield ind1=" " ind2=" " tag="010"><subfield code="a">sn 89051012 </subfield></datafield><datafield ind1=" " ind2=" " tag="040"><subfield code="a">ANU</subfield><subfield code="b">eng</subfield><subfield code="c">ANU</subfield><subfield code="d">OCLCQ</subfield></datafield><datafield ind1=" " ind2=" " tag="042"><subfield code="a">msc</subfield></datafield><datafield ind1="0" ind2="4" tag="245"><subfield code="a">The Melbourne times.</subfield></datafield><datafield ind1=" " ind2=" " tag="260"><subfield code="a">Melbourne, Ark. :</subfield><subfield code="b">H.A. Trevathan</subfield></datafield><datafield ind1=" " ind2=" " tag="300"><subfield code="a">v.</subfield></datafield><datafield ind1=" " ind2=" " tag="310"><subfield code="a">Weekly</subfield></datafield><datafield ind1="1" ind2=" " tag="362"><subfield code="a">Began in 1896.</subfield></datafield><datafield ind1="0" ind2=" " tag="362"><subfield code="a">-v. 88, no. 8 (Feb. 22, 1984).</subfield></datafield><datafield ind1=" " ind2=" " tag="515"><subfield code="a">Publication suspended between Nov. 23, 1944 and Jan. 25, 1945.</subfield></datafield><datafield ind1=" " ind2=" " tag="580"><subfield code="a">Merged with: Calico Rock progress, and: Horseshoe Bend news, to form: Times progress.</subfield></datafield><datafield ind1=" " ind2=" " tag="588"><subfield code="a">Description based on: Vol. 4, no. 2 (Nov. 3, 1899).</subfield></datafield><datafield ind1=" " ind2=" " tag="752"><subfield code="a">United States</subfield><subfield code="b">Arkansas</subfield><subfield code="c">lzard</subfield><subfield code="d">Melbourne.</subfield></datafield><datafield ind1="1" ind2="7" tag="785"><subfield code="t">Calico Rock progress</subfield><subfield code="w">(DLC)sn 83003534</subfield></datafield><datafield ind1="1" ind2="7" tag="785"><subfield code="t">Horseshoe Bend news</subfield><subfield code="w">(DLC)sn 83005362</subfield></datafield><datafield ind1="1" ind2="7" tag="785"><subfield code="t">Times progress</subfield><subfield code="w">(DLC)sn 84007723</subfield></datafield><datafield ind1="1" ind2=" " tag="029"><subfield code="a">AU@</subfield><subfield code="b">000025897649</subfield></datafield></record>